
@article{1,
	title={An Architecture for IPv6 over the TSCH mode of IEEE 802.15. 4},
	author={Thubert, P and Assimiti, R and Watteyne, T},
	journal={draft-ietf-6tisch-architecture-08 (work in progress)},
	year={2015}
}

@techreport{2,
	title={A path computation element (PCE)-based architecture},
	author={Farrel, Adrian and Vasseur, J-P and Ash, Jerry},
	year={2006}
}

@inproceedings{3,
	title={Contiki-a lightweight and flexible operating system for tiny networked sensors},
	author={Dunkels, Adam and Gronvall, Bjorn and Voigt, Thiemo},
	booktitle={Local Computer Networks, 2004. 29th Annual IEEE International Conference on},
	pages={455--462},
	year={2004},
	organization={IEEE}
}

@misc{4,
  author = {Github Repository},
  title = {Introduction to Cooja},
  howpublished = "\url{https://github.com/contiki-os/contiki/wiki/An-Introduction-to-Cooja}",
  note = "[Online; accessed 9-Jan-2017]"   
}

@inproceedings{5,
	title={The 6lowpan architecture},
	author={G. Mulligan},
	booktitle={Proceedings of the 4th workshop on Embedded networked sensors},
	pages={78--82},
	year={2007},
	organization={ACM}
}



@article{6,
	title={Coap: An application protocol for billions of tiny internet nodes},
	author={Bormann, Carsten and Castellani, Angelo P and Shelby, Zach},
	journal={IEEE Internet Computing},
	volume={16},
	number={2},
	pages={62},
	year={2012},
	publisher={IEEE Computer Society}
}

@misc{7,
  author = {Contiki Github Repository},
  title = {Contiki-os/contiki},
  howpublished = "\url{https://github.com/contiki-os/contiki/tree/master/core }",
  note = "[Online; accessed 9-Jan-2017]"   
}

@techreport{8,
	title={Using IEEE 802.15.4e Time-Slotted Channel Hopping (TSCH) in the Internet of Things (IoT): Problem Statement},
	author={Watteyne, Thomas and Palattella, M and Grieco, L},
	year={2015}
}


@article{9,
	title={An Architecture for IPv6 over the TSCH mode of IEEE 802.15.4},
	author={Thubert, P},
	journal={draft-ietf-6tisch-architecture-11},
	year={2017}
}

@article{10,
	title={Orchestra: Robust Mesh Networks Through Autonomously Scheduled TSCH},
	author={S. Duquennoy, B. Al Nahas, T.Watteyne},
	journal={ Proceedings of the 13th ACM Conference on Embedded Networked Sensor Systems},
	pages={337--350},
	year={2015},
	publisher={ACM}
}

